@inproceedings{Wallis_1983,
 author = {Wallis, J. R.},
 booktitle = {All Days},
 collection = {83RS},
 doi = {10.2118/12265-ms},
 month = {November},
 publisher = {SPE},
 series = {83RS},
 title = {Incomplete Gaussian Elimination as a Preconditioning for Generalized Conjugate Gradient Acceleration},
 url = {http://dx.doi.org/10.2118/12265-MS},
 year = {1983}
}

@inproceedings{Wallis_1985,
 author = {Wallis, J. R. and Kendall, R. P. and Little, T. E.},
 booktitle = {All Days},
 collection = {85RS},
 doi = {10.2118/13536-ms},
 month = {February},
 publisher = {SPE},
 series = {85RS},
 title = {Constrained Residual Acceleration of Conjugate Residual Methods},
 url = {http://dx.doi.org/10.2118/13536-MS},
 year = {1985}
}

@article{Bank1989,
  title = {The alternate-block-factorization procedure for systems of partial differential equations},
  volume = {29},
  ISSN = {1572-9125},
  url = {http://dx.doi.org/10.1007/BF01932753},
  DOI = {10.1007/bf01932753},
  number = {4},
  journal = {BIT Numerical Mathematics},
  publisher = {Springer Science and Business Media LLC},
  author = {Bank,  R. E. and Chan,  T. F. and Coughran,  W. M. and Smith,  R. K.},
  year = {1989},
  month = dec,
  pages = {938–954}
}

@article{Lacroix2003,
  title = {Iterative Solution Methods for Modeling Multiphase Flow in Porous Media Fully Implicitly},
  volume = {25},
  ISSN = {1095-7197},
  url = {http://dx.doi.org/10.1137/S106482750240443X},
  DOI = {10.1137/s106482750240443x},
  number = {3},
  journal = {SIAM Journal on Scientific Computing},
  publisher = {Society for Industrial & Applied Mathematics (SIAM)},
  author = {Lacroix,  S. and Vassilevski,  Yu. and Wheeler,  J. and Wheeler,  M.},
  year = {2003},
  month = jan,
  pages = {905–926}
}

@inproceedings{AlShaalan2009,
  series = {09RSS},
  title = {Studies of Robust Two Stage Preconditioners for the Solution of Fully Implicit Multiphase Flow Problems},
  url = {http://dx.doi.org/10.2118/118722-MS},
  DOI = {10.2118/118722-ms},
  booktitle = {All Days},
  publisher = {SPE},
  author = {Al-Shaalan,  Tareq M. and Klie,  Hector and Dogru,  Ali H. and Wheeler,  Mary F.},
  year = {2009},
  month = feb,
  collection = {09RSS}
}

@article{Gries_2014,
 author = {Gries, Sebastian and Stüben, Klaus and Brown, Geoffrey L. and Chen, Dingjun and Collins, David A.},
 doi = {10.2118/163608-pa},
 issn = {1930-0220},
 journal = {SPE Journal},
 month = {January},
 number = {04},
 pages = {726–736},
 publisher = {Society of Petroleum Engineers (SPE)},
 title = {Preconditioning for Efficiently Applying Algebraic Multigrid in Fully Implicit Reservoir Simulations},
 url = {http://dx.doi.org/10.2118/163608-PA},
 volume = {19},
 year = {2014}
}

@techreport{ecl_tech,
  author      = "Schlumberger",
  title       = "ECLIPSE Technical Description",
  year        = "2014"
}

@article{Scheichl_2003,
 author = {Scheichl, R. and Masson, R. and Wendebourg, J.},
 doi = {10.1023/b:comg.0000005244.61636.4e},
 issn = {1420-0597},
 journal = {Computational Geosciences},
 number = {4},
 pages = {295–318},
 publisher = {Springer Science and Business Media LLC},
 title = {Decoupling and Block Preconditioning for Sedimentary Basin Simulations},
 url = {http://dx.doi.org/10.1023/B:COMG.0000005244.61636.4e},
 volume = {7},
 year = {2003}
}

@article{Cusini_2015,
 author = {Cusini, Matteo and Lukyanov, Alexander A. and Natvig, Jostein and Hajibeygi, Hadi},
 doi = {10.1016/j.jcp.2015.07.019},
 issn = {0021-9991},
 journal = {Journal of Computational Physics},
 month = {October},
 pages = {472–486},
 publisher = {Elsevier BV},
 title = {Constrained pressure residual multiscale (CPR-MS) method for fully implicit simulation of multiphase flow in porous media},
 url = {http://dx.doi.org/10.1016/j.jcp.2015.07.019},
 volume = {299},
 year = {2015}
}

@phdthesis{roy,
  title={Preconditioning For Thermal Reservoir Simulation},
  author={Roy, Thomas},
  year={2019},
  school={University of Oxford}
}

@book{Lie_2019,
 author = {Lie, Knut-Andreas},
 doi = {10.1017/9781108591416},
 isbn = {9781108492430},
 month = {July},
 publisher = {Cambridge University Press},
 title = {An Introduction to Reservoir Simulation Using MATLAB/GNU Octave: User Guide for the MATLAB Reservoir Simulation Toolbox (MRST)},
 url = {http://dx.doi.org/10.1017/9781108591416},
 year = {2019}
}

@article{Park_2021,
 author = {Park, Heeho D. and Hammond, Glenn E. and Valocchi, Albert J. and LaForce, Tara},
 doi = {10.1016/j.advwatres.2021.104029},
 issn = {0309-1708},
 journal = {Advances in Water Resources},
 month = {October},
 pages = {104029},
 publisher = {Elsevier BV},
 title = {Linear and nonlinear solvers for simulating multiphase flow within large-scale engineered subsurface systems},
 url = {http://dx.doi.org/10.1016/j.advwatres.2021.104029},
 volume = {156},
 year = {2021}
}

@inproceedings{spe9,
  series = {95RSS},
  title = {Ninth SPE Comparative Solution Project: A Reexamination of Black-Oil Simulation},
  url = {http://dx.doi.org/10.2118/29110-MS},
  DOI = {10.2118/29110-ms},
  booktitle = {All Days},
  publisher = {SPE},
  author = {Killough,  J. E.},
  year = {1995},
  month = feb,
  collection = {95RSS}
}

@article{opmflow,
  title = {The Open Porous Media Flow reservoir simulator},
  volume = {81},
  ISSN = {0898-1221},
  url = {http://dx.doi.org/10.1016/j.camwa.2020.05.014},
  DOI = {10.1016/j.camwa.2020.05.014},
  journal = {Computers \& amp; Mathematics with Applications},
  publisher = {Elsevier BV},
  author = {Rasmussen,  Atgeirr Flø and Sandve,  Tor Harald and Bao,  Kai and Lauser,  Andreas and Hove,  Joakim and Skaflestad,  Bård and Kl\"{o}fkorn,  Robert and Blatt,  Markus and Rustad,  Alf Birger and Sævareid,  Ove and Lie,  Knut-Andreas and Thune,  Andreas},
  year = {2021},
  month = jan,
  pages = {159–185}
}

@phdthesis{cao,
  title={Development of Techniques for General Purpose Simulators},
  author={Cao, Hui},
  year={2002},
  school={Stanford University}
}
